@misc{ XML,
       author = "Wikipedia",
       title = "XML",
       year = "2017",
       url = "https://es.wikipedia.org/wiki/Extensible_Markup_Language",
       note = "[Internet; consultado 3-marzo-2017] \url{https://es.wikipedia.org/wiki/Extensible_Markup_Language}"
}

@misc{ PHPSTORM,
       author = "JetBrains",
       title = "PHPStorm",
       year = "2017",
       url = "https://es.wikipedia.org/wiki/Veh%C3%ADculo_de_guiado_autom%C3%A1tico",
       note = "[Internet; consultado 13-mayo-2017] \url{https://www.jetbrains.com/phpstorm/}"
}

@misc{ GITHUB,
       author = "Wikipedia",
       title = "GitHub",
       year = "2017",
       url = "https://es.wikipedia.org/wiki/GitHub",
       note = "[Internet; consultado 14-abril-2017] \url{https://es.wikipedia.org/wiki/GitHub}"
}

@misc{ GIT,
       author = "Wikipedia",
       title = "Git",
       year = "2017",
       url = "https://es.wikipedia.org/wiki/Git",
       note = "[Internet; consultado 3-marzo-2017] \url{https://es.wikipedia.org/wiki/Git}"
}

@misc{ SCRUM,
       author = "Wikipedia",
       title = "Metodolog√≠a SCRUM",
       year = "2017",
       url = "https://es.wikipedia.org/wiki/Scrum_(desarrollo_de_software)",
       note = "[Internet; consultado 4-junio-2017] \url{https://es.wikipedia.org/wiki/Scrum_(desarrollo_de_software)}"
}

@misc{ PHP5.5,
       author = "PHP",
       title = "PHP 5.5",
       year = "2017",
       url = "http://php.net/manual/es/migration55.changes.php",
       note = "[Internet; consultado 3-mayo-2017] \url{http://php.net/manual/es/migration55.changes.php}"
}
