
@misc{ gtx-mtx,
       author = "Matrix",
       title = "DataSheet GTW-MTX",
       year = "2017",
       url = "ftp://ftp.matrix.es/mtxm2m/Gateways%20M2M/MTX-GTW/MTX-GTW_Datasheet.pdf",
       note = "[Internet; consultado 15-abril-2017] \url{ftp://ftp.matrix.es/mtxm2m/Gateways%20M2M/MTX-GTW/MTX-GTW_Datasheet.pdf}"
}

@misc{ AGV,
       author = "Wikipedia",
       title = "Vehículo de guiado autónomo",
       year = "2017",
       url = "https://es.wikipedia.org/wiki/Veh%C3%ADculo_de_guiado_autom%C3%A1tico",
       note = "[Internet; consultado 2-mayo-2017] \url{https://es.wikipedia.org/wiki/Veh%C3%ADculo_de_guiado_autom%C3%A1tico}"
}

@misc{ XML,
       author = "Wikipedia",
       title = "XML",
       year = "2017",
       url = "https://es.wikipedia.org/wiki/Extensible_Markup_Language",
       note = "[Internet; consultado 3-marzo-2017] \url{https://es.wikipedia.org/wiki/Extensible_Markup_Language}"
}

@misc{ Bootstrap,
       author = "Wikipedia",
       title = "Bootstrap",
       year = "2017",
       url = "https://es.wikipedia.org/wiki/Bootstrap_(framework)",
       note = "[Internet; consultado 22-marzo-2017] \url{https://es.wikipedia.org/wiki/Bootstrap_(framework)}"
}


@misc{ SPA,
       author = "Wikipedia",
       title = "Single page application",
       year = "2017",
       url = "https://es.wikipedia.org/wiki/Single-page_application",
       note = "[Internet; consultado 1-mayo-2017] \url{https://es.wikipedia.org/wiki/Single-page_application}"
}


@misc{ PHP5.5,
       author = "PHP",
       title = "PHP 5.5",
       year = "2017",
       url = "http://php.net/manual/es/migration55.changes.php",
       note = "[Internet; consultado 3-mayo-2017] \url{http://php.net/manual/es/migration55.changes.php}"
}


@misc{ Jquery,
       author = "Wikipedia",
       title = "JQuery",
       year = "2017",
       url = "https://jquery.com/",
       note = "[Internet; consultado 5-marzo-2017] \url{https://jquery.com/}"
}


@misc{ ChartJS,
       author = "Wikipedia",
       title = "Chartjs",
       year = "2017",
       url = "www.chartjs.org/",
       note = "[Internet; consultado 15-marzo-2017] \url{www.chartjs.org/}"
}



@misc{ CAN,
       author = "Wikipedia",
       title = "Bus CAN",
       year = "2017",
       url = "https://es.wikipedia.org/wiki/Bus_CAN",
       note = "[Internet; consultado 12-marzo-2017] \url{https://es.wikipedia.org/wiki/Bus_CAN}"
}


@misc{ XSD,
       author = "W3Schools",
       title = "XSD",
       year = "2017",
       url = "https://www.w3schools.com/xml/schema_intro.asp",
       note = "[Internet; consultado 22-junio-2017] \url{https://www.w3schools.com/xml/schema_intro.asp}"
}


@misc{ JSON,
       author = "Wikipedia",
       title = "JSON",
       year = "2017",
       url = "https://es.wikipedia.org/wiki/JSON",
       note = "[Internet; consultado 15-abril-2017] \url{https://es.wikipedia.org/wiki/JSON}"
}

@misc{ CSS,
       author = "Wikipedia",
       title = "Hojas de Estilo en Cascada ",
       year = "2017",
       url = "https://es.wikipedia.org/wiki/Hoja_de_estilos_en_cascada",
       note = "[Internet; consultado 13-abril-2017] \url{https://es.wikipedia.org/wiki/Hoja_de_estilos_en_cascada}"
}

@misc{ HTML,
       author = "Wikipedia",
       title = "HTML",
       year = "2017",
       url = "https://es.wikipedia.org/wiki/HTML",
       note = "[Internet; consultado 15-mayo-2017] \url{https://es.wikipedia.org/wiki/HTML}"
}

@misc{ HTML5,
       author = "W3Schools",
       title = "HTML5",
       year = "2017",
       url = "https://www.w3schools.com/html/html5_intro.asp",
       note = "[Internet; consultado 15-mayo-2017] \url{https://www.w3schools.com/html/html5_intro.asp}"
}


@misc{ JS,
       author = "Wikipedia",
       title = "JavaScript",
       year = "2017",
       url = "https://es.wikipedia.org/wiki/JavaScript",
       note = "[Internet; consultado 13-abril-2017] \url{https://es.wikipedia.org/wiki/JavaScript}"
}

@misc{ ES,
       author = "Wikipedia",
       title = "ECMAScript",
       year = "2017",
       url = "https://es.wikipedia.org/wiki/ECMAScript",
       note = "[Internet; consultado 13-abril-2017] \url{https://es.wikipedia.org/wiki/ECMAScript}"
}

@misc{ JS_OOD,
       author = "StackOverFlow",
       title = "¿Es JS un idioma orientado a objetos?",
       year = "2017",
       url = "https://stackoverflow.com/questions/107464/is-javascript-object-oriented",
       note = "[Internet; consultado 13-abril-2017] \url{https://stackoverflow.com/questions/107464/is-javascript-object-oriented}"
}


@misc{ W3C,
       author = "Wikipedia",
       title = "World Wide Web Consortium",
       year = "2017",
       url = "http://www.w3c.es/",
       note = "[Internet; consultado 2-mayo-2017] \url{http://www.w3c.es/}"
}


@misc{ MAgil,
       author = "Wikipedia",
       title = "Desarrollo ágil de software",
       year = "2017",
       url = "https://es.wikipedia.org/wiki/Desarrollo_%C3%A1gil_de_software",
       note = "[Internet; consultado 4-junio-2017] \url{https://es.wikipedia.org/wiki/Desarrollo_%C3%A1gil_de_software}"
}


@misc{ SCRUM,
       author = "Wikipedia",
       title = "Metodología SCRUM",
       year = "2017",
       url = "https://es.wikipedia.org/wiki/Scrum_(desarrollo_de_software)",
       note = "[Internet; consultado 4-junio-2017] \url{https://es.wikipedia.org/wiki/Scrum_(desarrollo_de_software)}"
}

@misc{ LATEX,
       author = "Wikipedia",
       title = "Latex",
       year = "2017",
       url = "https://es.wikipedia.org/wiki/LaTeX",
       note = "[Internet; consultado 15-junio-2017] \url{https://es.wikipedia.org/wiki/LaTeX}"
}

@misc{ TEXMAKER,
       author = "TexMaker",
       title = "TexMaker",
       year = "2017",
       url = "http://www.xm1math.net/texmaker/",
       note = "[Internet; consultado 15-junio-2017] \url{http://www.xm1math.net/texmaker/}"
}

@misc{ SPRINTOMETER,
       author = "Sprintometer",
       title = "Sprintometer",
       year = "2017",
       url = "http://sprintometer.com/",
       note = "[Internet; consultado 3-marzo-2017] \url{http://sprintometer.com/}"
}

@misc{ GIT,
       author = "Wikipedia",
       title = "Git",
       year = "2017",
       url = "https://es.wikipedia.org/wiki/Git",
       note = "[Internet; consultado 3-marzo-2017] \url{https://es.wikipedia.org/wiki/Git}"
}


@misc{ GITHUB,
       author = "Wikipedia",
       title = "GitHub",
       year = "2017",
       url = "https://es.wikipedia.org/wiki/GitHub",
       note = "[Internet; consultado 14-abril-2017] \url{https://es.wikipedia.org/wiki/GitHub}"
}


@misc{ PHPSTORM,
       author = "JetBrains",
       title = "PHPStorm",
       year = "2017",
       url = "https://es.wikipedia.org/wiki/Veh%C3%ADculo_de_guiado_autom%C3%A1tico",
       note = "[Internet; consultado 13-mayo-2017] \url{https://www.jetbrains.com/phpstorm/}"
}

@misc{ WEBSTORM,
       author = "JetBrains",
       title = "WebStorm",
       year = "2017",
       url = "https://www.jetbrains.com/webstorm/",
       note = "[Internet; consultado 22-febrero-2017] \url{https://www.jetbrains.com/webstorm/}"
}

@misc{ LITTLE,
       author = "Wikipedia",
       title = "Endianness",
       year = "2017",
       url = "https://es.wikipedia.org/wiki/Endianness",
       note = "[Internet; consultado 22-abril-2017] \url{https://es.wikipedia.org/wiki/Endianness}"
}

@misc{ DOMPARSER,
       author = "W3Schools",
       title = "XML Parser",
       year = "2017",
       url = "https://www.w3schools.com/xml/xml_parser.asp",
       note = "[Internet; consultado 3-marzo-2017] \url{https://www.w3schools.com/xml/xml_parser.asp}"
}


@misc{ DECORATOR,
       author = "Wikipedia",
       title = "Patrón decorador",
       year = "2017",
       url = "https://es.wikipedia.org/wiki/Decorator_(patr%C3%B3n_de_dise%C3%B1o)",
       note = "[Internet; consultado 16-mayo-2017] \url{https://es.wikipedia.org/wiki/Decorator_(patr%C3%B3n_de_dise%C3%B1o)}"
}

@misc{ GRAFANA,
       author = "ArchWiki",
       title = "Grafana",
       year = "2017",
       url = "https://wiki.archlinux.org/index.php/Grafana",
       note = "[Internet; consultado 24-junio-2017] \url{https://wiki.archlinux.org/index.php/Grafana}"
}


@misc{ GRAPHITE,
       author = "Wikipedia",
       title = "Graphite (Software)",
       year = "2017",
       url = "https://en.wikipedia.org/wiki/Graphite_(software)",
       note = "[Internet; consultado 24-junio-2017] \url{https://en.wikipedia.org/wiki/Graphite_(software)}"
}


@misc{ CHARTBLOCKS,
       author = "ChartBlocks",
       title = "Chartblocks",
       year = "2017",
       url = "http://www.chartblocks.com/es/features",
       note = "[Internet; consultado 24-junio-2017] \url{http://www.chartblocks.com/es/features}"
}