@book{koza92,
		author    = "Koza, John R.",
		title     = "Genetic Programming: On the Programming of Computers by Means of Natural Selection",
		publisher = "MIT Press",
		year      = "1992"
}


@misc{ wiki:latex,
       author = "Wikipedia",
       title = "LaTeX --- Wikipedia{,} La enciclopedia libre",
       year = "2015",
       url = "https://es.wikipedia.org/w/index.php?title=LaTeX&oldid=84209252",
       note = "[Internet; descargado 30-septiembre-2015]"
}

@misc{AGVdes,
		author = "Automatismos y Sistemas de Transporte Interno, S.A.U.,  ASTI",
		title = "AGV, los veh√≠culos industriales inteligentes",
		howpublished  =  "https://bit.ly/2FIbCUN",
		year = "2010 (accessed September 25, 2018)"
	}

@misc{wikiCpp,
		author = "cplusplus",
		title = "The C++ Resources Network",
		year= "2000(accessed September 25, 2018)",
		howpublished  = "http://www.cplusplus.com/"
		}

@misc{python,
		author = "Python Software Fundation",
		title = "Python Sofware Fundation",
		year= "2001(accessed September 20, 2018)",
		howpublished  = "https://www.python.org/"
		}
